<record><leader>00000cas a22000007a 4500</leader><controlfield tag="001">10888074</controlfield><controlfield tag="008">840626d19131948nyuwr ne      0    0eng d</controlfield><datafield ind1=" " ind2=" " tag="010"><subfield code="a">sn 84031105 </subfield></datafield><datafield ind1=" " ind2=" " tag="040"><subfield code="a">NYG</subfield><subfield code="b">eng</subfield><subfield code="c">NYG</subfield><subfield code="d">NYS</subfield><subfield code="d">OCLCQ</subfield></datafield><datafield ind1=" " ind2=" " tag="042"><subfield code="a">msc</subfield></datafield><datafield ind1="0" ind2="0" tag="245"><subfield code="a">Sidney enterprise.</subfield></datafield><datafield ind1=" " ind2=" " tag="260"><subfield code="a">Sidney, N.Y. :</subfield><subfield code="b">V.D. Keeler,</subfield><subfield code="c">1913-1948.</subfield></datafield><datafield ind1=" " ind2=" " tag="300"><subfield code="a">v.</subfield></datafield><datafield ind1=" " ind2=" " tag="310"><subfield code="a">Weekly</subfield></datafield><datafield ind1="0" ind2=" " tag="362"><subfield code="a">Vol. 17, no. 33 (Jan. 1, 1913)-54th yr., no. 18 (May 6, 1948).</subfield></datafield><datafield ind1=" " ind2=" " tag="500"><subfield code="a">Motto: "Thoroughly and completely covering Sidney's trading radius."</subfield></datafield><datafield ind1=" " ind2="4" tag="651"><subfield code="a">Sidney (N.Y.)</subfield><subfield code="v">Newspapers.</subfield></datafield><datafield ind1=" " ind2="4" tag="651"><subfield code="a">Delaware County (N.Y.)</subfield><subfield code="v">Newspapers.</subfield></datafield><datafield ind1=" " ind2=" " tag="752"><subfield code="a">United States</subfield><subfield code="b">New York</subfield><subfield code="c">Delaware</subfield><subfield code="d">Sidney.</subfield></datafield><datafield ind1="0" ind2="0" tag="780"><subfield code="t">Delaware County enterprise</subfield><subfield code="w">(DLC)sn 92061816</subfield><subfield code="w">(OCoLC)25343642</subfield></datafield><datafield ind1="0" ind2="7" tag="785"><subfield code="t">Sidney record</subfield><subfield code="w">(DLC)sn 84031531</subfield><subfield code="w">(OCoLC)11111994</subfield></datafield><datafield ind1="0" ind2="7" tag="785"><subfield code="t">Sidney record-enterprise</subfield><subfield code="w">(DLC)sn 84031532</subfield><subfield code="w">(OCoLC)11112006</subfield></datafield><datafield ind1="1" ind2=" " tag="029"><subfield code="a">AU@</subfield><subfield code="b">000020635538</subfield></datafield></record>